<record><leader>00000cas a22000007a 4500</leader><controlfield tag="001">17408691</controlfield><controlfield tag="008">880129d18981uuualuwr ne      0    0eng d</controlfield><datafield ind1=" " ind2=" " tag="010"><subfield code="a">sn 88050022 </subfield></datafield><datafield ind1=" " ind2=" " tag="040"><subfield code="a">CPN</subfield><subfield code="b">eng</subfield><subfield code="c">CPN</subfield><subfield code="d">OCLCQ</subfield></datafield><datafield ind1=" " ind2=" " tag="042"><subfield code="a">msc</subfield></datafield><datafield ind1="0" ind2=" " tag="130"><subfield code="a">Weekly review (Anniston, Ala.)</subfield></datafield><datafield ind1="1" ind2="0" tag="245"><subfield code="a">Weekly review.</subfield></datafield><datafield ind1=" " ind2=" " tag="260"><subfield code="a">Anniston, Ala. :</subfield><subfield code="b">McD. Sharp</subfield></datafield><datafield ind1=" " ind2=" " tag="300"><subfield code="a">v.</subfield></datafield><datafield ind1=" " ind2=" " tag="310"><subfield code="a">Weekly</subfield></datafield><datafield ind1="1" ind2=" " tag="362"><subfield code="a">Began in 1898.</subfield></datafield><datafield ind1=" " ind2=" " tag="588"><subfield code="a">Description based on: Vol. 1, no. 2 (May 28, 1898).</subfield></datafield><datafield ind1=" " ind2=" " tag="752"><subfield code="a">United States</subfield><subfield code="b">Alabama</subfield><subfield code="c">Calhoun</subfield><subfield code="d">Anniston.</subfield></datafield></record>